<?xml version="1.0" encoding="UTF-8"?><record xmlns="http://www.loc.gov/MARC21/slim" xmlns:cinclude="http://apache.org/cocoon/include/1.0" xmlns:zs="http://www.loc.gov/zing/srw/">
  <leader>00419nz  a2200121n  4500</leader>
  <controlfield tag="001">n  86137569 </controlfield>
  <controlfield tag="003">DLC</controlfield>
  <controlfield tag="005">19860827064249.4</controlfield>
  <controlfield tag="008">860714n| acannaab|          |n aaa ||| b</controlfield>
  <datafield tag="010" ind1=" " ind2=" ">
    <subfield code="a">n  86137569 </subfield>
  </datafield>
  <datafield tag="040" ind1=" " ind2=" ">
    <subfield code="a">DNLM</subfield>
    <subfield code="c">DLC</subfield>
  </datafield>
  <datafield tag="100" ind1="1" ind2="0">
    <subfield code="a">Lemkes, H. H. P. J.</subfield>
  </datafield>
  <datafield tag="670" ind1=" " ind2=" ">
    <subfield code="a">Pathogenesis and treatment of diabetes mellitus, 1986:</subfield>
    <subfield code="b">CIP t.p. (H.H.P.J. Lemkes, Dept. of Endocrinology and Metabolism, Leiden Univ. Hosp., Leiden, Netherlands)</subfield>
  </datafield>
</record>